\begin{thebibliography}

@misc{shlens_2014_tutorial,
      title={A Tutorial on Principal Component Analysis}, 
      author={Jonathon Shlens},
      year={2014},
      eprint={1404.1100},
      archivePrefix={arXiv},
      primaryClass={cs.LG}
}

@INPROCEEDINGS{jaradet_svd_image_compression,
  author={Jaradat, Yousef and Masoud, Mohammad and Jannoud, Ismael and Manasrah, Ahmad and Alia, Mohammad},
  booktitle={2021 International Conference on Information Technology (ICIT)}, 
  title={A Tutorial on Singular Value Decomposition with Applications on Image Compression and Dimensionality Reduction}, 
  year={2021},
  volume={},
  number={},
  pages={769-772},
  doi={10.1109/ICIT52682.2021.9491732}}
  
@INPROCEEDINGS{omar_image_compression,
  author={Omar, Hadjer Moulay and Morsli, Marwa and Yaichi, Salah},
  booktitle={2020 2nd International Conference on Mathematics and Information Technology (ICMIT)}, 
  title={Image Compression using Principal Component Analysis}, 
  year={2020},
  volume={},
  number={},
  pages={226-231},
  doi={10.1109/ICMIT47780.2020.9047014}}

\end{thebibliography}