\begin{thebibliography}

@INPROCEEDINGS{jaradet_svd_image_compression,
  author={Jaradat, Yousef and Masoud, Mohammad and Jannoud, Ismael and Manasrah, Ahmad and Alia, Mohammad},
  booktitle={2021 International Conference on Information Technology (ICIT)}, 
  title={A Tutorial on Singular Value Decomposition with Applications on Image Compression and Dimensionality Reduction}, 
  year={2021},
  volume={},
  number={},
  pages={769-772},
  doi={10.1109/ICIT52682.2021.9491732}}

@misc{shlens_2014_tutorial,
      title={A Tutorial on Principal Component Analysis}, 
      author={Jonathon Shlens},
      year={2014},
      eprint={1404.1100},
      archivePrefix={arXiv},
      primaryClass={cs.LG}
}
  
@INPROCEEDINGS{omar_image_compression,
  author={Omar, Hadjer Moulay and Morsli, Marwa and Yaichi, Salah},
  booktitle={2020 2nd International Conference on Mathematics and Information Technology (ICMIT)}, 
  title={Image Compression using Principal Component Analysis}, 
  year={2020},
  volume={},
  number={},
  pages={226-231},
  doi={10.1109/ICMIT47780.2020.9047014}}

@INPROCEEDINGS{xu_color_conversion,
  author={Ning Xu and Yeong-Taeg Kim},
  booktitle={2009 IEEE 13th International Symposium on Consumer Electronics}, 
  title={Luminance preserving color conversion for 24-bit RGB displays}, 
  year={2009},
  volume={},
  number={},
  pages={271-275},
  doi={10.1109/ISCE.2009.5156864}}

@INPROCEEDINGS{psnr_quality,
  author={Faragallah, Osama S. and El-Hoseny, Heba and El-Shafai, Walid and El-Rahman, Wael Abd and El-Sayed, Hala S. and El-Rabaie, El-Sayed M. and El-Samie, Fathi E. Abd and Geweid, Gamal G. N.},
  booktitle={IEEE Access}, 
  title={A Comprehensive Survey Analysis for Present Solutions of Medical Image Fusion and Future Directions}, 
  year={2021},
  volume={9},
  number={},
  pages={11358-11371},
  doi={10.1109/ACCESS.2020.3048315}}

@INPROCEEDINGS{jpeg_compression,
  author={Hudson, Graham and Léger, Alain and Niss, Birger and Sebestyén, István and Vaaben, Jørgen},
  booktitle={SPIE Journal of Electronic Imaging}, 
  title={JPEG-1 standard 25 years: past, present, and future reasons for a success}, 
  year={2018},
  volume={27(4)},
  number={},
  pages={},
  doi={10.1117/1.JEI.27.4.040901}}

@INPROCEEDINGS{jpeg2000_compression,
  author={Taubman, David and Marcellin, Michael},
  booktitle={JPEG2000 Image Compression Fundamentals, Standards and Practice: Image Compression Fundamentals, Standards and Practice}, 
  title={}, 
  year={2012},
  volume={},
  number={},
  pages={},
  doi={}}

\end{thebibliography}